/Users/deleeuw/Desktop/bibtex/mypubs.bib