/Users/deleeuw/Desktop/bibtex/total.bib